<?xml version="1.0" encoding="UTF-8"?><collection xmlns="http://www.loc.gov/MARC21/slim"><record><leader>00508nam--2200193-i-4500</leader><controlfield tag="001">000014429</controlfield><controlfield tag="002">20161230</controlfield><controlfield tag="005">20161230201030</controlfield><controlfield tag="008">060222s1000------------r-----000-0-rum-d</controlfield><datafield ind1=" " ind2=" " tag="040"><subfield code="a">IFIN-HH</subfield></datafield><datafield ind1=" " ind2=" " tag="041"><subfield code="a">rum</subfield></datafield><datafield ind1=" " ind2=" " tag="080"><subfield code="a">534.8</subfield></datafield><datafield ind1="1" ind2=" " tag="100"><subfield code="a">Dragan, O</subfield></datafield><datafield ind1="1" ind2="0" tag="245"><subfield code="a">Ultrasunete de mari energii</subfield><subfield code="c">O. Dragan, C. Iancu, Gh. Amza, D. Drimer, E. Isarie</subfield></datafield><datafield ind1=" " ind2=" " tag="260"><subfield code="a">Bucuresti</subfield><subfield code="b">Editura Academiei R.S.R</subfield><subfield code="c">1983</subfield></datafield><datafield ind1=" " ind2=" " tag="300"><subfield code="a">214 P</subfield></datafield><datafield ind1="1" ind2=" " tag="700"><subfield code="a">Isarie, E</subfield></datafield><datafield ind1=" " ind2=" " tag="852"><subfield code="a">70967</subfield><subfield code="c">534</subfield></datafield><datafield ind1=" " ind2=" " tag="CAT"><subfield code="a">Sys</subfield><subfield code="c">20101021</subfield><subfield code="h">144554</subfield></datafield></record></collection>